@ARTICLE{2012PhRvL.108g8101G,
   author = {{Goldstein}, R.~E. and {Warren}, P.~B. and {Ball}, R.~C.},
    title = "{Shape of a Ponytail and the Statistical Physics of Hair Fiber Bundles}",
  journal = {Physical Review Letters},
archivePrefix = "arXiv",
   eprint = {1204.0371},
 primaryClass = "cond-mat.stat-mech",
 keywords = {Mechanical and electrical properties of tissues and organs, Fluctuation phenomena random processes noise and Brownian motion, Random phenomena and media},
     year = 2012,
    month = feb,
   volume = 108,
   number = 7,
      eid = {078101},
    pages = {078101},
      doi = {10.1103/PhysRevLett.108.078101},
   adsurl = {http://adsabs.harvard.edu/abs/2012PhRvL.108g8101G},
  adsnote = {Provided by the SAO/NASA Astrophysics Data System}
}
@Article{pmid16007907,
   Author="Idle, J. R. ",
   Title="{{C}hristmas gingerbread ({L}ebkuchen) and {C}hristmas cheer--review of the potential role of mood elevating amphetamine-like compounds formed in vivo and in furno}",
   Journal="Prague Med Rep",
   Year="2005",
   Volume="106",
   Number="1",
   Pages="27--38"
}
@ARTICLE{2013arXiv1304.0445K,
   author = {{Kostov}, V. and {Allan}, D. and {Hartman}, N. and {Guzewich}, S. and 
	{Rogers}, J.},
    title = "{''Winter is coming''}",
  journal = {ArXiv e-prints},
archivePrefix = "arXiv",
   eprint = {1304.0445},
 primaryClass = "physics.pop-ph",
 keywords = {Physics - Popular Physics, Astrophysics - Earth and Planetary Astrophysics},
     year = 2013,
    month = apr,
   adsurl = {http://adsabs.harvard.edu/abs/2013arXiv1304.0445K},
  adsnote = {Provided by the SAO/NASA Astrophysics Data System}
}
