@misc{golob_2016, title={The Mass of a Smartie}, journal={PHYS 2300L}, author={Golob, Anneya}, year={2016}, month={Sep}}
@book{french1971vibrations,
  title={Vibrations and Waves},
  author={French, A.P.},
  isbn={9780748744473},
  series={M.I.T. introductory physics series},
  url={https://books.google.ca/books?id=RqE26vDmd5wC},
  year={1971},
  publisher={Taylor \& Francis}
}
@ARTICLE {smuap2016,
    author = "SMU AP",
    title  = "Physics 2300 Vibrations, Waves \& Optics Laboratory Manual",
    year   = "2016"
}
